
@Misc{baumann:rasdaman,
  author  = {Baumann, Peter},
  title   = {rasdaman - raster data manager},
  year    = {2018},
  date    = {2018-01-31},
  doi     = {10.5281/zenodo.1163021},
  type    = {software},
  url     = {http://www.rasdaman.org},
  urldate = {2019-05-04},
}



@article{Wei_Assessing_2012,
  title={Assessing the fragmentation of construction land in urban areas: An index method and case study in Shunde, China},
  year={2012},
  author={Wei, Y and Zhang, Z},
  journal={Land Use Policy}
}


@InProceedings{langella:weatherprog2014,
  author    = {Langella, Giuliano},
  title     = {WeatherProg: a computer program for the automatic handling of climatic data},
  booktitle = {Role of agrometeorology in the new politics in agriculture},
  year      = {2014},
}



@InProceedings{langella:weatherprog2016,
  author    = {Langella, Giuliano and Basile, Angelo and Bonfante, Antonello and De Mascellis, Roberto and Manna, Piero and Terribile, Fabio},
  title     = {Semi-automatic handling of meteorological ground measurements using WeatherProg: prospects and practical implications},
  booktitle = {European Geosciences Union (EGU) General Assembly, 17/22 April 2016, Vienna, Austria},
  year      = {2016},
}



@article{Daly08_PRISM_USA,
    author = {Daly, Christopher and Halbleib, Michael and Smith, Joseph I. and Gibson, Wayne P. and Doggett, Matthew K. and Taylor, George H. and Curtis, Jan and Pasteris, Phillip P.},
    title = {Physiographically sensitive mapping of climatological temperature and precipitation across the conterminous United States},
    journal = {International Journal of Climatology},
    volume = {28},
    number = {15},
    pages = {2031-2064},
    doi = {10.1002/joc.1688},
    year = {2008}
}



@Misc{silva:pgmodeler,
  author  = {Silva, Raphael A.},
  title   = {pgModeler: PostgreSQL Database Modeler},
  year    = {2019},
  type    = {software},
  url     = {https://pgmodeler.io},
  urldate = {2019-05-04},
}





@Misc{postgres:postgresql,
  author  = {{The PostgreSQL Global Development Group}},
  title   = {PostgreSQL: The World's Most Advanced Open Source Relational Database},
  year    = {2019},
  type    = {software},
  url     = {https://www.postgresql.org},
  urldate = {2019-05-04},
}



@Misc{postgis:postgis,
  author  = {{PostGIS development community}},
  title   = {PostGIS: Spatial and Geographical Objects for PostgreSQL},
  year    = {2019},
  url     = {https://postgis.net},
  urldate = {2019-05-04},
}



@TechReport{wcdmp:cdms,
  author      = {Plummer, Neil and Lipa, Wolfganf and Palmer, Steve and Prank, Glenn and Shortridge, John and Stuber, Denis},
  title       = {Guidelines on Climate Data Management},
  institution = {World Metereological Organization (WMO)},
  year        = {2007},
  number      = {60},
  series      = {World Climate Data and Monitoring Programme (WCDMP)},
  url         = {http://www.wmo.int/pages/prog/wcp/wcdmp/documents/WCDMPNo60.pdf},
  urldate     = {2019-05-05},
}

@ARTICLE{ Terribile:soilconsweb:2015,
author={Terribile, F. and Agrillo, A. and Bonfante, A. and Buscemi, G. and Colandrea, M. and D'Antonio, A. and De Mascellis, R. and De Michele, C. and Langella, G. and Manna, P. and Marotta, L. and Mileti, F.A. and Minieri, L. and Orefice, N. and Valentini, S. and Vingiani, S. and Basile, A.},
title={A Web-based spatial decision supporting system for land management and soil conservation},
journal={Solid Earth},
year={2015},
volume={6},
number={3},
pages={903-928},
doi={10.5194/se-6-903-2015},
note={cited By 10},
document_type={Article},
source={Scopus},
}

@article{Terribile:dssvitis:2017,
  title={A geospatial decision support system for supporting quality viticulture at the landscape scale},
  pages={88-102},
  year={2017},
  doi={10.1016/j.compag.2017.05.028},
  volume={140},
  author={Terribile, F and Bonfante, A and {D'Antonio,} A and Mascellis, De R and Michele, De C and Langella, G and Manna, P and Mileti, {F.A.} and Vingiani, S and Basile, A},
  issn={0168-1699},
}

%Directive 2009/128/EC of the European parliament and of the Council, 2009. Official Journal of the European Union (L309), pp. 73–86.
@misc{eu:dir128:2009,
  title={Directive 2009/128/EC of the European parliament and of the Council},
  journal={Official Journal of the European Union},
  volume={(L309)},
  pages={73–86},
  document_type={Misc},
  year={2009}
}
  %author={THE EUROPEAN PARLIAMENT AND THE COUNCIL OF THE EUROPEAN UNION},
  
@article{Daly:prism:1997,
    title={The {PRISM} approach to mapping precipitation and temperature},
    journal={Proc.},
    year={1997},
    author={Daly, C and Taylor, {GH} and Gibson, {WP}},
}

% BOOKS
%Required fields: author or editor, title, publisher, year.
%Optional fields: volume or number, series, address, edition, month, note.
@book{ jenny:clorpt:1941,
  title={Factors of soil formation: a system of quantitative pedology},
  author={Jenny, H.},
  lccn={41014446},
  series={McGraw-Hill publications in the agricultural sciences},
  url={https://books.google.it/books?id=h-dIAAAAMAAJ},
  year={1941},
  publisher={McGraw-Hill}
}

@ARTICLE{ McBratney:scorpan:2003,
    author={McBratney, A.B. and Mendonça Santos, M.L. and Minasny, B.},
    title={On digital soil mapping},
    journal={Geoderma},
    year={2003},
    volume={117},
    number={1-2},
    pages={3-52},
    doi={10.1016/S0016-7061(03)00223-4},
    note={cited By 1308},
    document_type={Article},
    source={Scopus},
}

@ARTICLE{ Langella:rainann:2010,
    author={Langella, G. and Basile, A. and Bonfante, A. and Terribile, F.},
    title={High-resolution space-time rainfall analysis using integrated ANN inference systems},
    journal={Journal of Hydrology},
    year={2010},
    volume={387},
    number={3-4},
    pages={328-342},
    doi={10.1016/j.jhydrol.2010.04.027},
    note={cited By 32},
    document_type={Article},
    source={Scopus},
}

@ARTICLE{Jones:swat:2003,
    author={Jones, J.W. and Hoogenboom, G. and Porter, C.H. and Boote, K.J. and Batchelor, W.D. and Hunt, L.A. and Wilkens, P.W. and Singh, U. and Gijsman, A.J. and Ritchie, J.T.},
    title={The DSSAT cropping system model},
    journal={European Journal of Agronomy},
    year={2003},
    volume={18},
    number={3-4},
    pages={235-265},
    doi={10.1016/S1161-0301(02)00107-7},
    note={cited By 1689},
    document_type={Conference Paper},
    source={Scopus},
}

@ARTICLE{ Seneviratne:swat:2010,
    author={Seneviratne, S.I. and Corti, T. and Davin, E.L. and Hirschi, M. and Jaeger, E.B. and Lehner, I. and Orlowsky, B. and Teuling, A.J.},
    title={Investigating soil moisture-climate interactions in a changing climate: A review},
    journal={Earth-Science Reviews},
    year={2010},
    volume={99},
    number={3-4},
    pages={125-161},
    doi={10.1016/j.earscirev.2010.02.004},
    note={cited By 1437},
    document_type={Review},
    source={Scopus},
}

@article{ Rossi:vitenet:2014,
    title = "Addressing the implementation problem in agricultural decision support systems: the example of vite.netÂ®",
    journal = "Computers and Electronics in Agriculture",
    volume = "100",
    pages = "88 - 99",
    year = "2014",
    issn = "0168-1699",
    doi = "https://doi.org/10.1016/j.compag.2013.10.011",
    url = "http://www.sciencedirect.com/science/article/pii/S0168169913002536",
    author = "Vittorio Rossi and Francesca Salinari and Stefano Poni and Tito Caffi and Tiziano Bettati",
    keywords = "Decision-making, Sustainable viticulture, Modelling, Co-innovation",
}

@ARTICLE{Wang:wbsdss:2005,
    author={Wang, Y. and Zhao, C. and Wang, J. and Lu, A. and Li, F. and Tian, Z. and Ma, J.},
    title={Design and application of decision support system for heavy metal pollution management on WebGIS},
    journal={Nongye Gongcheng Xuebao/Transactions of the Chinese Society of Agricultural Engineering},
    year={2005},
    volume={21},
    number={12},
    pages={137-140},
    note={cited By 7},
    document_type={Article},
    source={Scopus},
}

@ARTICLE{Acutis:wbsdss:2014,
    author={Acutis, M. and Alfieri, L. and Giussani, A. and Provolo, G. and Guardo, A.D. and Colombini, S. and Bertoncini, G. and Castelnuovo, M. and Sali, G. and Moschini, M. and Sanna, M. and Perego, A. and Carozzi, M. and Chiodini, M.E. and Fumagalli, M.},
    title={ValorE: An integrated and GIS-based decision support system for livestock manure management in the Lombardy region (northern Italy)},
    journal={Land Use Policy},
    year={2014},
    volume={41},
    pages={149-162},
    doi={10.1016/j.landusepol.2014.05.007},
    document_type={Article},
    source={Scopus},
}

@ARTICLE{Yao:wbsdss:2017,
    author={Yao, X. and Zhu, D. and Yun, W. and Peng, F. and Li, L.},
    title={A WebGIS-based decision support system for locust prevention and control in China},
    journal={Computers and Electronics in Agriculture},
    year={2017},
    volume={140},
    pages={148-158},
    doi={10.1016/j.compag.2017.06.001},
    note={cited By 4},
    document_type={Article},
    source={Scopus},
}

@ARTICLE{Giusti:wbsdss:2015,
    author={Giusti, E. and Marsili-Libelli, S.},
    title={A Fuzzy Decision Support System for irrigation and water conservation in agriculture},
    journal={Environmental Modelling and Software},
    year={2015},
    volume={63},
    pages={73-86},
    doi={10.1016/j.envsoft.2014.09.020},
    note={cited By 35},
    document_type={Article},
    source={Scopus},
}

@ARTICLE{Hoogenboom:agrometeo-swat:2000,
    author={Hoogenboom, G.},
    title={Contribution of agrometeorology to the simulation of crop production and its applications},
    journal={Agricultural and Forest Meteorology},
    year={2000},
    volume={103},
    number={1-2},
    pages={137-157},
    doi={10.1016/S0168-1923(00)00108-8},
    note={cited By 258},
    document_type={Conference Paper},
    source={Scopus},
}

@ARTICLE{Orlandini:plasmopara:2008,
    author={Orlandini, S. and Massetti, L. and Marta, A.D.},
    title={An agrometeorological approach for the simulation of Plasmopara viticola},
    journal={Computers and Electronics in Agriculture},
    year={2008},
    volume={64},
    number={2},
    pages={149-161},
    doi={10.1016/j.compag.2008.04.004},
    note={cited By 23},
    document_type={Article},
    source={Scopus},
}
